@misc{website:maps-api-docs-usage,
      author="Google Inc.",
      title="Google Maps JavaScript API v3, Usage Limits and Billing",
      month="November",
      year="2014",
      url="https://developers.google.com/maps/documentation/javascript/usage"
      }

@misc{website:maps-api-faq,
      author="Google Inc.",
      title="Google Maps API FAQ",
      month="November",
      year="2014",
      url="https://developers.google.com/maps/faq"
      }
      
@misc{website:software-testing-Jiantao-Pao,
      author="Jiantao Pao",
      title="Software Testing"
      year="1999"
      url="http://users.ece.cmu.edu/~koopman/des_s99/sw_testing/"
      }
      
@book{book:software-testing-Patton,
      author="Patton, Ron",
      title="Software Testing",
      year="2000",
      publisher="Sams publishing",
      }

@booklet{CDPCompendium,
         title="Compendium: Introduction to course TDT4290 Customer Driven Project"
         month="August"
         year="2014"
         }
               